@book{kolb1991early,
  title={The Early Universe},
  author={Kolb, Edward W and Turner, Michael S and Silk, Joseph},
  year={1991},
  publisher={American Institute of Physics}
}
@book{mambrini2021particles,
  title={Particles in the dark Universe},
  author={Mambrini, Yann},
  year={2021},
  publisher={Springer}
}
@article{AbdusSalam_2022,
   title={Simple and statistically sound recommendations for analysing physical theories},
   volume={85},
   ISSN={1361-6633},
   url={http://dx.doi.org/10.1088/1361-6633/ac60ac},
   DOI={10.1088/1361-6633/ac60ac},
   number={5},
   journal={Reports on Progress in Physics},
   publisher={IOP Publishing},
   author={AbdusSalam, Shehu S and Agocs, Fruzsina J and Allanach, Benjamin C and Athron, Peter and Balázs, Csaba and Bagnaschi, Emanuele and Bechtle, Philip and Buchmueller, Oliver and Beniwal, Ankit and Bhom, Jihyun and Bloor, Sanjay and Bringmann, Torsten and Buckley, Andy and Butter, Anja and Camargo-Molina, José Eliel and Chrzaszcz, Marcin and Conrad, Jan and Cornell, Jonathan M and Danninger, Matthias and de Blas, Jorge and De Roeck, Albert and Desch, Klaus and Dolan, Matthew and Dreiner, Herbert and Eberhardt, Otto and Ellis, John and Farmer, Ben and Fedele, Marco and Flächer, Henning and Fowlie, Andrew and Gonzalo, Tomás E and Grace, Philip and Hamer, Matthias and Handley, Will and Harz, Julia and Heinemeyer, Sven and Hoof, Sebastian and Hotinli, Selim and Jackson, Paul and Kahlhoefer, Felix and Kowalska, Kamila and Krämer, Michael and Kvellestad, Anders and Martinez, Miriam Lucio and Mahmoudi, Farvah and Santos, Diego Martinez and Martinez, Gregory D and Mishima, Satoshi and Olive, Keith and Paul, Ayan and Prim, Markus Tobias and Porod, Werner and Raklev, Are and Renk, Janina J and Rogan, Christopher and Roszkowski, Leszek and Ruiz de Austri, Roberto and Sakurai, Kazuki and Scaffidi, Andre and Scott, Pat and Sessolo, Enrico Maria and Stefaniak, Tim and Stöcker, Patrick and Su, Wei and Trojanowski, Sebastian and Trotta, Roberto and Sming Tsai, Yue-Lin and Van den Abeele, Jeriek and Valli, Mauro and Vincent, Aaron C and Weiglein, Georg and White, Martin and Wienemann, Peter and Wu, Lei and Zhang, Yang},
   year={2022},
   month=apr, pages={052201} }
@article{bernal2017dawn,
  title={The dawn of FIMP dark matter: a review of models and constraints},
  author={Bernal, Nicol{\'a}s and Heikinheimo, Matti and Tenkanen, Tommi and Tuominen, Kimmo and Vaskonen, Ville},
  journal={International Journal of Modern Physics A},
  volume={32},
  number={27},
  pages={1730023},
  year={2017},
  publisher={World Scientific}
}
@article{pierre2019dark,
  title={Dark Matter phenomenology: from simplified WIMP models to refined alternative solutions},
  author={Pierre, Mathias},
  journal={arXiv preprint arXiv:1901.05822},
  year={2019}
}
@article{bhattacharya2020simpler,
  title={SIMPler realisation of scalar dark matter},
  author={Bhattacharya, Subhaditya and Ghosh, Purusottam and Verma, Shivam},
  journal={Journal of Cosmology and Astroparticle Physics},
  volume={2020},
  number={01},
  pages={040},
  year={2020},
  publisher={IOP Publishing}
}
@article{bichteler1967cauchy,
  title={On the Cauchy problem of the relativistic Boltzmann equation},
  author={Bichteler, Klaus},
  journal={Communications in Mathematical Physics},
  volume={4},
  number={5},
  pages={352--364},
  year={1967},
  publisher={Springer}
}
