@book{kolb1991early,
  title={The Early Universe},
  author={Kolb, Edward W and Turner, Michael S and Silk, Joseph},
  year={1991},
  publisher={American Institute of Physics}
}
@book{mambrini2021particles,
  title={Particles in the dark Universe},
  author={Mambrini, Yann},
  year={2021},
  publisher={Springer}
}
@article{AbdusSalam_2022,
   title={Simple and statistically sound recommendations for analysing physical theories},
   volume={85},
   ISSN={1361-6633},
   url={http://dx.doi.org/10.1088/1361-6633/ac60ac},
   DOI={10.1088/1361-6633/ac60ac},
   number={5},
   journal={Reports on Progress in Physics},
   publisher={IOP Publishing},
   author={AbdusSalam, Shehu S and et al.},
   year={2022},
   month=apr, pages={052201} }
@article{bernal2017dawn,
  title={The dawn of FIMP dark matter: a review of models and constraints},
  author={Bernal, Nicol{\'a}s and Heikinheimo, Matti and Tenkanen, Tommi and Tuominen, Kimmo and Vaskonen, Ville},
  journal={International Journal of Modern Physics A},
  volume={32},
  number={27},
  pages={1730023},
  year={2017},
  publisher={World Scientific}
}
@article{pierre2019dark,
  title={Dark Matter phenomenology: from simplified WIMP models to refined alternative solutions},
  author={Pierre, Mathias},
  journal={arXiv preprint arXiv:1901.05822},
  year={2019}
}
@article{bhattacharya2020simpler,
  title={SIMPler realisation of scalar dark matter},
  author={Bhattacharya, Subhaditya and Ghosh, Purusottam and Verma, Shivam},
  journal={Journal of Cosmology and Astroparticle Physics},
  volume={2020},
  number={01},
  pages={040},
  year={2020},
  publisher={IOP Publishing}
}
@article{bichteler1967cauchy,
  title={On the Cauchy problem of the relativistic Boltzmann equation},
  author={Bichteler, Klaus},
  journal={Communications in Mathematical Physics},
  volume={4},
  number={5},
  pages={352--364},
  year={1967},
  publisher={Springer}
}
@book{baumann2022cosmology,
  title={Cosmology},
  author={Baumann, Daniel},
  year={2022},
  publisher={Cambridge University Press}
}

